@inproceedings{ref:bao2007optimizing,
  title={Optimizing web search using social annotations},
  author={Bao, Shenghua and Xue, Guirong and Wu, Xiaoyuan and Yu, Yong and Fei, Ben and Su, Zhong},
  booktitle={Proceedings of the 16th international conference on World Wide Web},
  pages={501--510},
  year={2007},
  organization={ACM}
}

@inproceedings{ref:barlatowards,
  title={Towards Social-based User Modeling and Personalization. Information Sciences and Technologies},
  author={Barla, Michal and others},
  booktitle={Bulletin of the ACM Slovakia},
  organization={Citeseer}
}

@inproceedings{ref:bielikova2010alef,
  title={ALEF: Web 2.0 principles in Learning and Collaboration},
  author={Bielikov{\'a}, M{\'a}ria and {\v{S}}imko, Mari{\'a}n and Barla, Michal and Chud{\'a}, Daniela and Michl{\'\i}k, Pavel and Labaj, Martin and Mih{\'a}l, V and Un{\v{c}}{\'\i}k, M},
  booktitle={Proc. of the int. Conf. on e-Learning and the Knowledge Society},
  pages={54--59},
  year={2010}
}

@article{ref:brusilovsky2009addictive,
  title={Addictive links: The motivational value of adaptive link annotation},
  author={Brusilovsky, Peter and Sosnovsky, Sergey and Yudelson, Michael},
  journal={New Review of Hypermedia and Multimedia},
  volume={15},
  number={1},
  pages={97--118},
  year={2009},
  publisher={Taylor \& Francis}
}

@article{ref:farzan2008annotated,
  title={AnnotatEd: A social navigation and annotation service for web-based educational resources},
  author={Farzan, Rosta and Brusilovsky, Peter},
  journal={New Review of Hypermedia and Multimedia},
  volume={14},
  number={1},
  pages={3--32},
  year={2008},
  publisher={Taylor \& Francis}
}

@inproceedings{ref:hunter2008harvana,
  title={Harvana: harvesting community tags to enrich collection metadata},
  author={Hunter, Jane and Khan, Imran and Gerber, Anna},
  booktitle={Proceedings of the 8th ACM/IEEE-CS joint conference on Digital libraries},
  pages={147--156},
  year={2008},
  organization={ACM}
}

@inproceedings{ref:kim2008spatial,
  title={Spatial annotation and social navigation support for electronic books},
  author={Kim, Jae-Kyung and Farzan, Rosta and Brusilovsky, Peter},
  booktitle={Proceedings of the nineteenth ACM conference on Hypertext and hypermedia},
  pages={233--234},
  year={2008},
  organization={ACM}
}

@inproceedings{ref:macedo2002infrastructure,
  title={An infrastructure for open latent semantic linking},
  author={Macedo, Alessandra Alaniz and Pimentel, Maria da Graca Campos and Camacho-Guerrero, Jose Antonio},
  booktitle={Proceedings of the thirteenth ACM conference on Hypertext and hypermedia},
  pages={107--116},
  year={2002},
  organization={ACM}
}

@inproceedings{ref:moro2011towards,
  title={Towards collaborative metadata enrichment for adaptive web-based learning},
  author={M{\'o}ro, R{\'o}bert and Srba, Ivan and Un{\v{c}}{\'\i}k, Maro{\v{s}} and Bielikov{\'a}, M{\'a}ria and {\v{S}}imko, Mari{\'a}n},
  booktitle={Proceedings of the 2011 IEEE/WIC/ACM International Conferences on Web Intelligence and Intelligent Agent Technology-Volume 03},
  pages={106--109},
  year={2011},
  organization={IEEE Computer Society}
}

@inproceedings{ref:pansanato2005strategies,
  title={Strategies for automatic LOM metadata generating in a web-based CSCL tool},
  author={Pansanato, Luciano TE and Fortes, Renata PM},
  booktitle={Proceedings of the 11th Brazilian Symposium on Multimedia and the web},
  pages={1--8},
  year={2005},
  organization={ACM}
}

@inproceedings{ref:vsaloun2010evaluation,
  title={Evaluation of concept space rating algorithm and navigation scheme},
  author={{\v{S}}aloun, Petr and Velart, Zdenek},
  booktitle={Web Intelligence and Intelligent Agent Technology (WI-IAT), 2010 IEEE/WIC/ACM International Conference on},
  volume={3},
  pages={288--291},
  year={2010},
  organization={IEEE}
}

@inproceedings{ref:shepitsen2008personalized,
  title={Personalized recommendation in social tagging systems using hierarchical clustering},
  author={Shepitsen, Andriy and Gemmell, Jonathan and Mobasher, Bamshad and Burke, Robin},
  booktitle={Proceedings of the 2008 ACM conference on Recommender systems},
  pages={259--266},
  year={2008},
  organization={ACM}
}

@inproceedings{ref:vsimko2011supporting,
  title={Supporting collaborative web-based education via annotations},
  author={{\v{S}}imko, Mari{\'a}n and Barla, Michal and Mih{\'a}l, Vladim{\'\i}r and Un{\v{c}}{\'\i}k, Maro{\v{s}} and Bielikov{\'a}, M{\'a}ria},
  booktitle={World Conf. on Educational Multimedia, Hypermedia and Telecommunications},
  pages={2576--2585},
  year={2011}
}

@inproceedings{ref:vsimko2009automated,
  title={Automated educational course metadata generation based on semantics discovery},
  author={{\v{S}}imko, Mari{\'a}n and Bielikov{\'a}, M{\'a}ria},
  booktitle={European Conference on Technology Enhanced Learning},
  pages={99--105},
  year={2009},
  organization={Springer}
}

@inproceedings{ref:unvcik2010annotating,
  title={Annotating educational content by questions created by learners},
  author={Un{\v{c}}{\'\i}k, Maro{\v{s}} and Bielikov{\'a}, M{\'a}ria},
  booktitle={Semantic Media Adaptation and Personalization (SMAP), 2010 5th International Workshop on},
  pages={13--18},
  year={2010},
  organization={IEEE}
}

@inproceedings{ref:xu2006towards,
  title={Towards the semantic web: Collaborative tag suggestions},
  author={Xu, Zhichen and Fu, Yun and Mao, Jianchang and Su, Difu},
  booktitle={Collaborative web tagging workshop at WWW2006, Edinburgh, Scotland},
  year={2006}
}